3404 5480
351 985 661 1074 HERMANNO
694 989 1042 1076 SCHLEGELO:

258 1321 483 1418 Opnsculum,
498 1324 551 1395 ani
566 1323 734 1420 praefandi
748 1325 855 1421 gratia
871 1323 951 1398 haec
965 1324 1063 1398 verba
1078 1322 1259 1418 subiungo,
1270 1320 1400 1396 nouus

173 1462 418 1560 complectitur
430 1461 703 1559 disquisitionum
717 1475 816 1561 atque
829 1464 1146 1562 investigationum,
1168 1485 1251 1561 quas
1266 1486 1325 1560 per
1337 1464 1400 1539 Eu·

186 1601 654 1698 ropaedmericaeqquusea
664 1602 830 1700 silvasque
841 1604 958 1700 viginti
969 1604 1115 1701 quinque
1125 1603 1295 1679 continuis
1304 1603 1403 1676 annis

185 1743 334 1836 institui,
344 1765 493 1839 quasque
503 1742 570 1814 iarn
583 1739 731 1840 disposui
744 1752 778 1814 et
786 1743 822 1816 in
832 1765 952 1840 corpus
961 1743 1078 1839 collegi
1086 1744 1194 1818 Musei
1202 1743 1402 1842 Lugdunen—

137 1923 140 1930 .
183 1884 231 1956 sis
242 1883 411 1956 thesauris
425 1893 596 1978 tamquam
610 1905 725 1954 norma
740 1871 833 1954 usus.
857 1881 954 1974 Quod
968 1907 1071 1980 quum
1080 1881 1156 1956 Tibi
1170 1883 1400 1979 dico,utinam

182 2022 218 2095 id
226 2023 355 2096 afficere
363 2022 545 2119 potuerim,
555 2033 592 2094 ut
605 2023 757 2119 gnaviter
766 2035 946 2120 occupatus
954 2024 988 2095 in
1000 2024 1059 2116 iis,
1070 2047 1153 2121 quae
1162 2024 1197 2104 in
1208 2022 1401 2098 nominibus

183 2162 1401 2260 constituendissynonymisqueiuxtareponendisversanturdisciplinac

178 2311 317 2374 nostrae
338 2301 490 2399 partibus
502 2302 545 2399 [et
567 2311 739 2397 tamquam
760 2301 965 2399 propylaeis,
991 2302 1238 2399 aliquantulum
1257 2303 1402 2400 pretioso

184 2444 251 2515 otio
271 2443 343 2516 Tuo
363 2441 609 2541 prospexerim,
631 2439 717 2538 quod
739 2439 829 2515 hisce
847 2442 960 2514 missis
975 2443 1119 2538 graviori
1133 2445 1200 2517 iam
1214 2446 1326 2520 oneris
1339 2443 1401 2520 hu·
1517 2462 1520 2469 '

183 2584 285 2658 meris
305 2582 388 2656 Tuis
400 2583 659 2681 impositilparti
675 2581 799 2678 poteris
814 2579 1008 2678 impendere
1023 2592 1122 2679 atque
1136 2584 1247 2680 ipsum
1261 2583 1400 2680 adytum

182 2735 321 2797 naturae
339 2725 481 2816 intrare,
502 2723 598 2796 cuius
621 2745 752 2794 morum
766 2731 866 2818 atque
880 2721 1038 2794 historiae
1053 2733 1242 2796 accuratam
1256 2721 1400 2823 descrip-

184 2865 307 2938 tionem
329 2888 346 2935 a
360 2865 407 2936 Te
420 2871 663 2958 exspectamus.
687 2863 761 2952 Quo
775 2861 809 2932 in
824 2883 940 2957 opere,
961 2858 1087 2934 difficili
1101 2859 1247 2959 prolecto
1260 2886 1298 2936 ac
1312 2863 1400 2940 labo·

182 3007 284 3098 rimo,
298 3003 373 3077 n'olo
386 3026 476 3094 asse,
490 3001 552 3074 hoc
566 2999 733 3074 volumine
747 2998 851 3093 edito,
865 3000 931 3073 nisi
945 3024 1140 3097 praecursor
1152 3003 1257 3076 Tuus.
1277 3003 1399 3114 Coram

180 3147 226 3218 Ta
245 3156 431 3243 praeterea,
454 3143 510 3238 qui
528 3141 570 3213 ab
587 3163 785 3236 unaquaque
804 3139 1028 3236 praeiudicata
1047 3141 1201 3237 opinione
1217 3168 1317 3240 quam
1331 3145 1400 3218 lon·

180 3284 317 3381 gissime
342 3282 438 3367 abes,
467 3304 534 3353 non
563 3279 678 3352 dubito
695 3282 842 3375 ingenue
866 3279 1036 3372 confiteri,
1065 3280 1195 3376 qualem
1217 3281 1398 3358 clamorem

181 3445 336 3520 magnam
357 3429 486 3518 partem
507 3417 702 3515 disciplinae
722 3428 856 3490 nostrae
870 3417 1073 3492 asseclarum
1086 3419 1230 3494 arbitrer
1243 3445 1315 3496 esso
1328 3422 1395 3498 edi·

178 3575 290 3637 turos:
305 3565 436 3635 Genera
455 3559 581 3632 scilicet
598 3557 711 3630 dicent
726 3567 825 3654 atque
839 3557 1041 3632 dictitabunt
1055 3559 1089 3632 in
1107 3559 1169 3634 hoc
1183 3584 1280 3658 opere
1293 3562 1396 3636 nimis

179 3703 286 3776 multa
309 3703 412 3776 statui
432 3711 533 3795 atque
552 3698 754 3770 enumerari.
791 3697 888 3788 Quod
911 3721 1011 3794 quam
1032 3698 1089 3794 qui
1112 3699 1257 3772 manime
1278 3709 1312 3774 et
1325 3701 1396 3798 ipse

179 3865 332 3940 agnosco.
369 3839 433 3914 Sed
455 3863 514 3912 sua
535 3839 640 3935 ipsius
661 3836 892 3934 magnitudine
915 3860 952 3908 ac
969 3835 1189 3912 redundantia
1204 3838 1330 3912 malum
1346 3865 1396 3913 sa·

177 3992 288 4054 natur.
321 3980 436 4077 ltaque
458 3977 639 4076 tranquillo
661 3987 761 4050 sunto
781 3999 819 4048 ac
839 3976 1082 4074 imperturbato
1099 3978 1213 4052 animo
1225 4001 1263 4050 ac
1277 3976 1396 4052 demit·

178 4132 253 4194 tant
272 4121 375 4192 altam
397 4141 510 4190 rocem
528 4117 637 4189 critici
656 4117 776 4189 severi:
794 4114 1010 4189 Subfamiliae
1028 4117 1119 4190 enirn
1136 4118 1220 4213 sint,
1239 4119 1296 4192 sad
1309 4145 1395 4194 sem·

178 4285 236 4360 per
253 4271 287 4333 et
304 4261 427 4358 ubique
445 4259 515 4331 sint
531 4281 654 4355 genera
674 4279 750 4328 vera
772 4266 805 4328 et
823 4280 954 4353 magna.
980 4258 1054 4329 Duo
1070 4267 1171 4349 sunt,
1193 4283 1277 4356 quac
1289 4259 1395 4334 haheo

178 4379 380 4489 adiicienda3
396 4398 559 4489 alterum,
574 4395 660 4493 quod
674 4396 834 4468 asterisco
847 4396 958 4469 notavi
972 4420 1054 4470 nora
1067 4419 1189 4494 genera
1203 4409 1236 4472 et
1250 4401 1393 4498 speciem

175 4539 334 4629 alterurn,
356 4536 444 4635 qnod
464 4537 606 4610 artificio
627 4536 864 4634 typographico
878 4536 914 4608 in
931 4533 993 4609 hoc
1006 4561 1103 4634 opere
1117 4562 1192 4612 sum
1207 4562 1306 4631 usus,
1329 4565 1394 4637 quo

175 4677 326 4752 odiosum
342 4677 424 4752 illud
438 4678 586 4776 plagium
600 4677 814 4775 (negraviori
829 4675 985 4750 vocabulo
997 4677 1090 4773 utar)
1103 4677 1261 4772 evitatur,
1272 4700 1314 4752 ne
1324 4703 1392 4752 arn·
